@article{car_following,
  doi = {10.1016/s1369-8478(00)00005-x},
  url = {https://doi.org/10.1016/s1369-8478(00)00005-x},
  year = {1999},
  month = dec,
  publisher = {Elsevier {BV}},
  volume = {2},
  number = {4},
  pages = {181--196},
  author = {Mark Brackstone and Mike McDonald},
  title = {Car-following: a historical review},
  journal = {Transportation Research Part F: Traffic Psychology and Behaviour}
}


@inproceedings{lidar_highway,
  doi = {10.1109/icara.2011.6144918},
  url = {https://doi.org/10.1109/icara.2011.6144918},
  year = {2011},
  month = dec,
  publisher = {{IEEE}},
  author = {Daniel Gohring and Miao Wang and Michael Schnurmacher and Tinosch Ganjineh},
  title = {Radar/Lidar sensor fusion for car-following on highways},
  booktitle = {The 5th International Conference on Automation,  Robotics and Applications}
}



@article{Bertha,
  doi = {10.1109/mits.2014.2306552},
  url = {https://doi.org/10.1109/mits.2014.2306552},
  year = {2014},
  publisher = {Institute of Electrical and Electronics Engineers ({IEEE})},
  volume = {6},
  number = {2},
  pages = {8--20},
  author = {Julius Ziegler and Philipp Bender and Markus Schreiber and Henning Lategahn and Tobias Strauss and Christoph Stiller and  Thao Dang and Uwe Franke and Nils Appenrodt and Christoph G. Keller and Eberhard Kaus and Ralf G. Herrtwich and Clemens Rabe and David Pfeiffer and Frank Lindner and Fridtjof Stein and Friedrich Erbs and Markus Enzweiler and Carsten Knoppel and Jochen Hipp and Martin Haueis and Maximilian Trepte and Carsten Brenk and Andreas Tamke and Mohammad Ghanaat and Markus Braun and Armin Joos and Hans Fritz and Horst Mock and Martin Hein and Eberhard Zeeb},
  title = {Making Bertha Drive{\textemdash}An Autonomous Journey on a Historic Route},
  journal = {{IEEE} Intelligent Transportation Systems Magazine}
}


@inproceedings{darpa2,
  doi = {10.1109/ivs.2014.6856478},
  url = {https://doi.org/10.1109/ivs.2014.6856478},
  year = {2014},
  month = jun,
  publisher = {{IEEE}},
  author = {Alberto Broggi and Pietro Cerri and Stefano Debattisti and Maria Chiara Laghi and Paolo Medici and Matteo Panciroli and Antonio Prioletti},
  title = {{PROUD}-Public road urban driverless test: Architecture and results},
  booktitle = {2014 {IEEE} Intelligent Vehicles Symposium Proceedings}
}


@inproceedings{darpa_book,
  year = {2009},
  publisher = {Springer},
  author = {Martin Buehler and Karl Iagnemma and Sanjiv Singh},
  title = {The DARPA urban challenge: autonomous vehicles in city traffic},
}

The DARPA Urban Challenge: Autonomous Vehicles in City Traffic